<?xml version="1.0" encoding="UTF-8"?><collection xmlns="http://www.loc.gov/MARC21/slim"><record><leader>00565nam--2200133-i-4500</leader><controlfield tag="001">000001771</controlfield><controlfield tag="002">20161230</controlfield><controlfield tag="005">20161230201024</controlfield><controlfield tag="008">060222s1000------------r-----000-0-eng-d</controlfield><datafield ind1=" " ind2=" " tag="080"><subfield code="a">539.12.04:669.017</subfield></datafield><datafield ind1=" " ind2=" " tag="245"><subfield code="a">Fragilite et effects de l irradiation. 10-e colloque de metallurgie.organise a saclay les 23 et 24 juin 1966 par m.salesse chef du departement de metallurgie sous la presidence de m. le prof.chaudron, membre de l institut</subfield></datafield><datafield ind1=" " ind2=" " tag="260"><subfield code="a">Saclay, Centre D Etudes Nucleaires, 1967. 246 P. Cu Fig</subfield></datafield><datafield ind1=" " ind2=" " tag="490"><subfield code="a">Commissariat A L Energie Atomique</subfield></datafield><datafield ind1=" " ind2=" " tag="852"><subfield code="a">29196</subfield></datafield></record></collection>